<record xmlns="http://www.loc.gov/MARC21/slim" xmlns:xsi="http://www.w3.org/2001/XMLSchema-instance" xsi:schemaLocation="http://www.loc.gov/MARC21/slim http://www.loc.gov/standards/marcxml/schema/MARC21slim.xsd"><leader>     nam a22        4500</leader><controlfield tag="001">3071123</controlfield><controlfield tag="003">NNC</controlfield><controlfield tag="006">m        d        </controlfield><controlfield tag="007">cr cn |||m|||a</controlfield><controlfield tag="008">150316s1908    ua      o     000 0 ara d</controlfield><datafield ind1=" " ind2=" " tag="040"><subfield code="a">NNU</subfield><subfield code="b">eng</subfield><subfield code="c">NNU</subfield></datafield><datafield ind1="0" ind2=" " tag="100"><subfield code="6">880-01</subfield><subfield code="a">Ghazza&#772;li&#772;,</subfield><subfield code="d">1058-1111.</subfield></datafield><datafield ind1="1" ind2="0" tag="245"><subfield code="6">880-02</subfield><subfield code="a">Kita&#772;b al-H&#803;ikmah fi&#772; makhlu&#772;qa&#772;t Alla&#772;h</subfield><subfield code="h">[electronic resource] /</subfield><subfield code="c">tas&#803;ni&#772;f al-Ima&#772;m Zayn al-Di&#772;n Abi&#772; H&#803;a&#772;mid Muh&#803;ammad ibn Muh&#803;ammad ibn Muh&#803;ammad al-Ghazza&#772;li&#772;, &#699;uniya bitas&#803;h&#803;i&#772;h&#803;ihi al-Sayyid Muh&#803;ammad Badr-al-Di&#772;n al-Na&#699;sa&#772;ni&#772; al-H&#803;alabi&#772;.</subfield></datafield><datafield ind1=" " ind2=" " tag="250"><subfield code="6">880-03</subfield><subfield code="a">al-T&#803;ab&#699;ah 2.</subfield></datafield><datafield ind1=" " ind2=" " tag="260"><subfield code="6">880-04</subfield><subfield code="a">Mis&#803;r :</subfield><subfield code="b">Mat&#803;aba&#699;at al-Sa&#699;a&#772;dah,</subfield><subfield code="c">1326 h., 1908 m.</subfield></datafield><datafield ind1=" " ind2=" " tag="300"><subfield code="a">online resource (64 p.)</subfield></datafield><datafield ind1=" " ind2=" " tag="500"><subfield code="a">Part of the Arabic Collections Online (ACO) project, contributed by Columbia University Libraries.</subfield></datafield><datafield ind1=" " ind2=" " tag="533"><subfield code="a">Electronic reproduction.</subfield><subfield code="b">New York, N.Y. :</subfield><subfield code="c">New York University,</subfield><subfield code="d">2015.</subfield><subfield code="5">NNU</subfield></datafield><datafield ind1="2" ind2=" " tag="710"><subfield code="a">Columbia University.</subfield><subfield code="b">Libraries.</subfield></datafield><datafield ind1="0" ind2=" " tag="730"><subfield code="a">Arabic Collections Online.</subfield></datafield><datafield ind1="0" ind2="8" tag="776"><subfield code="i">Print version:</subfield><subfield code="a">Ghazza&#772;li&#772;, 1058-1111.</subfield><subfield code="t">Kita&#772;b al-H&#803;ikmah fi&#772; makhlu&#772;qa&#772;t Alla&#772;h</subfield><subfield code="w">(NNC)3071123</subfield><subfield code="w">(OCoLC)47812779</subfield></datafield><datafield ind1="4" ind2="0" tag="856"><subfield code="u">http://hdl.handle.net/2333.1/2rbnzvhv</subfield></datafield><datafield ind1="0" ind2=" " tag="880"><subfield code="6">100-01/r</subfield><subfield code="a">&#1594;&#1586;&#1575;&#1604;&#1610;&#1548;</subfield><subfield code="d">1058-1111.</subfield></datafield><datafield ind1="1" ind2="0" tag="880"><subfield code="6">245-02/r</subfield><subfield code="a">&#1603;&#1578;&#1575;&#1576; &#1575;&#1604;&#1581;&#1603;&#1605;&#1577; &#1601;&#1610; &#1605;&#1582;&#1604;&#1608;&#1602;&#1575;&#1578; &#1575;&#1604;&#1604;&#1607; :</subfield><subfield code="c">&#1578;&#1589;&#1606;&#1610;&#1601; &#1575;&#1604;&#1575;&#1605;&#1575;&#1605; &#1586;&#1610;&#1606; &#1575;&#1604;&#1583;&#1610;&#1606; &#1575;&#1576;&#1610; &#1581;&#1575;&#1605;&#1583; &#1605;&#1581;&#1605;&#1583; &#1576;&#1606; &#1605;&#1581;&#1605;&#1583; &#1576;&#1606; &#1605;&#1581;&#1605;&#1583; &#1575;&#1604;&#1594;&#1586;&#1575;&#1604;&#1610;&#1548; &#1593;&#1606;&#1610; &#1576;&#1578;&#1589;&#1581;&#1610;&#1581;&#1607; &#1575;&#1604;&#1587;&#1610;&#1583; &#1605;&#1581;&#1605;&#1583; &#1576;&#1583;&#1585;&#1575;&#1604;&#1583;&#1610;&#1606; &#1575;&#1604;&#1606;&#1593;&#1587;&#1575;&#1606;&#1610; &#1575;&#1604;&#1581;&#1604;&#1576;&#1610;.</subfield></datafield><datafield ind1=" " ind2=" " tag="880"><subfield code="6">250-03/r</subfield><subfield code="a">&#1575;&#1604;&#1591;&#1576;&#1593;&#1577; 2.</subfield></datafield><datafield ind1=" " ind2=" " tag="880"><subfield code="6">260-04/r</subfield><subfield code="a">&#1605;&#1589;&#1585; :</subfield><subfield code="b">&#1605;&#1591;&#1576;&#1593;&#1577; &#1575;&#1604;&#1587;&#1593;&#1575;&#1583;&#1577;&#1548;</subfield><subfield code="c">1326 &#1607;.&#1548; 1908 &#1605;.</subfield></datafield><datafield ind1=" " ind2=" " tag="959"><subfield code="a">NNU</subfield><subfield code="b">WEB</subfield><subfield code="c">GENI</subfield><subfield code="t">0</subfield><subfield code="m">Electronic access</subfield><subfield code="s">01</subfield></datafield><datafield ind1=" " ind2=" " tag="999"><subfield code="i">NNC_3071123</subfield><subfield code="o">(OCoLC)ocm47812779</subfield><subfield code="e">(ERROR-880)</subfield><subfield code="s">columbia_aco000391</subfield></datafield></record>